<?xml version="1.0" encoding="UTF-8"?><collection xmlns="http://www.loc.gov/MARC21/slim"><record><leader>00321nam--2200109-i-4500</leader><controlfield tag="001">000032787</controlfield><controlfield tag="002">20161230</controlfield><controlfield tag="005">20161230201039</controlfield><controlfield tag="008">060222s1000------------r-----000-0-eng-d</controlfield><datafield ind1=" " ind2=" " tag="245"><subfield code="a">Microwave research institute symposia series. vol.8:electronic waveguides</subfield></datafield><datafield ind1=" " ind2=" " tag="260"><subfield code="a">New York, Politehnic Inst.Of Brooklin, 1957</subfield></datafield><datafield ind1=" " ind2=" " tag="852"><subfield code="a">15648</subfield></datafield></record></collection>